@INPROCEEDINGS{7946998,
  author={X. {Yuan} and C. {Li} and X. {Li}},
  booktitle={2017 IEEE International Conference on Smart Computing (SMARTCOMP)}, 
  title={DeepDefense: Identifying DDoS Attack via Deep Learning}, 
  year={2017},
  volume={},
  number={},
  pages={1-8},
}

@inproceedings{10.1145/3231053.3231057,
	author = {Mustapha, Hanan and Alghamdi, Ahmed M},
	booktitle = {Proceedings of the 2nd International Conference on Future Networks and Distributed Systems},
	title = {DDoS Attacks on the Internet of Things and Their Prevention Methods},
	year = {2018},
	isbn = {9781450364287},
	publisher = {Association for Computing Machinery},
	address = {New York, NY, USA},
	url = {https://doi.org/10.1145/3231053.3231057},
	doi = {10.1145/3231053.3231057},
	articleno = {4},
	numpages = {5},
	keywords = {software defined networking (SDN), technology, virtualisation, information security, flooding attacks, botnets, internet of things (IoT), distributed denial of service (DDoS), network functions virtualisation (NFV)},
	location = {Amman, Jordan},
	series = {ICFNDS '18}
}

@article{outlawddos,
	title = {U.K. outlaws denial-of-service attacks},
	month = {11},
	year = {2006},
	url = {https://www.cnet.com/news/u-k-outlaws-denial-of-service-attacks/}
}

@article{changeapproach,
	title = {Wikileaks: Anonymous stops dropping DDoS bombs, starts dropping science},
	month = {12},
	year = {2010},
	url = {https://boingboing.net/2010/12/09/anonymous-stops-drop.html}
}

@article{megauploadstrike,
	url = {https://www.forbes.com/sites/andygreenberg/2012/01/19/anonymous-hackers-claims-attack-on-doj-universal-music-and-riaa-after-megaupload-takedown/?sh=62c28737c774},
	year = {2012},
	month = {1},
	title = {Anonymous Hackers Hit DOJ, FBI, Universal Music, MPAA And RIAA After MegaUpload Takedown}
}

@website{loic,
	author = "Airdemon.net",
	url = {https://web.archive.org/web/20120926191647/http://www.airdemon.net/loic.html},
	title = {Low Orbit Ion Cannon}
}

@article{attacktelegram,
	url = {https://uk.pcmag.com/old-news/121328/chinese-ddos-attack-hits-telegram-during-hong-kong-protests},
	title = {Chinese DDoS Attack Hits Telegram During Hong Kong Protests},
	year = {2019},
	month = {6}
}
